@Article{Cleveland1987b,
Author={Cleveland, W. S. and McGill, R.},
Title={{Graphical Perception: The Visual Decoding of Qquantitative Information on Statistical Graphs (with Discussion)}},
journal={Journal of the Royal Statistical Society Series A},
Year={1987},
Volume={150},
Pages={192--229}
}

@inproceedings{Heer2010,
 author = {Heer, Jeffrey and Bostock, Michael},
 title = {Crowdsourcing graphical perception: using mechanical turk to assess visualization design},
 booktitle = {Proceedings of the SIGCHI Conference on Human Factors in Computing Systems},
 series = {CHI '10},
 year = {2010},
 isbn = {978-1-60558-929-9},
 location = {Atlanta, Georgia, USA},
 pages = {203--212},
 numpages = {10},
 url = {http://doi.acm.org/10.1145/1753326.1753357},
 doi = {10.1145/1753326.1753357},
 acmid = {1753357},
 publisher = {ACM},
 address = {New York, NY, USA},
 keywords = {crowdsourcing, evaluation, experimentation, graphical perception, information visualization, mechanical turk, user study},
} 

@BOOK{MurrellR2011,
	author = {Murrell Paul},
	title = {R Graphics},
	year = {2011},
	publisher = {Chapman and Hall},
	isbn = {978-1439831762}
}

@BOOK{HadleyR2010,
	author = {Wickham Hadley},
	title = {ggplot2: Elegant Graphics for Data Analysis},
	year = {2010},
	publisher = {Springer},
	isbn = {978-0387981406}
}

@BOOK{DeepayanR2008,
	author = {Sarkar Deepayan},
	title = {Lattice: Multivariate Data Visualization with R},
	year = {2008},
	publisher = {Springer},
	isbn = { 978-0387759685}
}

@BOOK{BiecekR2011,
	author = {Biecek Przemys{\l}aw},
	title = {Przewodnik po pakiecie R},
	year = {2011},
	publisher = {Oficyna Wydawnicza Gewert i Skoczylas},
	isbn = {978-83-89020-98-7}
}

@BOOK{SAS2013,
	author = {Fr\k{a}tczak Ewa, Korczy\'{n}ski Adam},
	title = {Statystyka od podstaw z systemem SAS},
	year = {2013},
	publisher = {Oficyna Wydawnicza SGH},
	isbn = {978-83-7378-788-9}
}

@BOOK{Tufte2006,
	author = {Edward R. Tufte},
	title = {Beautiful Evidence},
	year = {2006},
	publisher = {Graphics Press, {LLC}},
	month = {May},
	edition = {First},
	place = {Cheshire, Connecticut},
	isbn = {0-9613921-7-7}
}

@BOOK{Tufte2001,
	author = {Edward R. Tufte},
	title = {The Visual Display of Quantitative Information},
	publisher = {Graphics Press},
	year = {2001},
	address = {Cheshire, Connecticut},
	isbn = {0-9613921-4-2}
}

@BOOK{Tufte1990,
	author = {Edward R. Tufte},
	title = {Envisioning Information},
	publisher = {Graphics Press},
	year = {1990},
	address = {Cheshire, Connecticut},
	isbn = {0-9613921-1-8}
}

@BOOK{Tufte1997,
	author = {Edward R. Tufte},
	title = {Visual Explanations},
	publisher = {Graphics Press},
	year = {1997},
	address = {Cheshire, Connecticut},
	isbn = {0-9613921-2-6}
}

@BOOK{Bringhurst2005,
	author = {Robert Bringhurst},
	title = {The Elements of Typography},
	publisher = {Hartley \& Marks},
	year = {2005},
	edition = {3.1},
	isbn = {0-88179-205-5}
}

@BOOK{Mittelbach2004,
	author = {Frank Mittelbach and Michel Goossens},
	title = {The \LaTeX\ Companion},
	publisher = {Addison--Wesley},
	year = {2004},
	edition = {Second},
	isbn = {0-201-36299-6}
}

@MISC{pkg-geometry,
    author = {Hideo Umeki},
    title = {The \texttt{geometry} package},
    year = {2008},
    month = dec,
    howpublished = {\url{http://ctan.org/pkg/geometry}}
}

@MISC{ISOTYPE,
    title = {Isotype},
    author = {Wikipedia},
    howpublished = {\url{http://en.m.wikipedia.org/wiki/Isotype_(picture_language)}}
}

@MISC{PISAwebsite,
    title = {PISA website},
    author = {OECD},
    howpublished = {\url{http://www.oecd.org/pisa/}}
}

@MISC{WikipediaCommons,
    title = {Wikipedia Commons},
    author = {Copy left},
    howpublished = {\url{http://commons.wikimedia.org/}}
}

@MISC{Stamen,
    title = {Stamen design},
    howpublished = {\url{www.stamen.com}}
}

@MISC{WordInternetProject,
    title = {World Internet Project Poland 2012},
    author = {Agora SA i Orange Polska},
    year = {2012},
	address = {Warszawa},
    howpublished = {\url{http://bi.gazeta.pl/im/4/13387/m13387904,WORLD-IINTERNET-PROJECT-2012-RAPORT-WERSJA-POLSKA.pdf}}
}

@MISC{huszlewRaport,
    author = {WESTMOR CONSULTING},
    title = {Strategia Rozwi\k{a}zywania Problem\'{o}w Spo{\l}ecznych na terenie Gminy Huszlew w latach 2008 - 2015},
    year = {2008},
    howpublished = {\url{huszlew.ops.pl/files/strategia.pdf}}
}


